@article{Mitchell2008,
  title={Predicting human brain activity associated with the meanings of nouns},
  author={Mitchell, Tom M and Shinkareva, Svetlana V and Carlson, Andrew and Chang, Kai-Min and Malave, Vicente L and Mason, Robert A and Just, Marcel Adam},
  journal={Science},
  volume={320},
  number={5880},
  pages={1191--1195},
  year={2008},
  publisher={American Association for the Advancement of Science}
}

@inproceedings{Murphy2009,
  title={{EEG} responds to conceptual stimuli and corpus semantics},
  author={Murphy, Brian and Baroni, Marco and Poesio, Massimo},
  booktitle={Proceedings of the 2009 Conference on Empirical Methods in Natural Language Processing},
  pages={619--627},
  year={2009},
  organization={Association for Computational Linguistics}
}

@article{Sudre2012,
  title={Tracking neural coding of perceptual and semantic features of concrete nouns},
  author={Sudre, Gustavo and Pomerleau, Dean and Palatucci, Mark and Wehbe, Leila and Fyshe, Alona and Salmelin, Riitta and Mitchell, Tom},
  journal={NeuroImage},
  volume={62},
  pages={451--463},
  year={2012},
  publisher={Elsevier}
}

@inproceedings{Murphy2012,
  title={Selecting corpus-semantic models for neurolinguistic decoding},
  author={Murphy, Brian and Talukdar, Partha and Mitchell, Tom},
  booktitle={Proceedings of the First Joint Conference on Lexical and Computational Semantics},
  pages={114--123},
  year={2012},
  organization={Association for Computational Linguistics}
}

@article{Mikolov2013,
  author    = {Tomas Mikolov and
               Kai Chen and
               Greg Corrado and
               Jeffrey Dean},
  title     = {Efficient Estimation of Word Representations in Vector Space},
  journal   = {CoRR},
  volume    = {abs/1301.3781},
  year      = {2013},
  biburl    = {http://dblp.uni-trier.de/rec/bib/journals/corr/abs-1301-3781},
  bibsource = {dblp computer science bibliography, http://dblp.org}
}

@article{Gu2014,
author = {Gu, Yuqiao and Celli, Fabio and Steinberger, Josef and Anderson, Andrew James and Poeiso, Massimo and Strapparava, Carlo and Murphy, Brian},
file = {:Users/chrisfosterelli/spideroak/Documents/Papers/Using Brain Data for Sentiment Analysis.pdf:pdf},
journal = {Journal for Language Technology and Computational Linguistics},
mendeley-groups = {Brain Research},
number = {1},
pages = {79--94},
title = {{Using Brain Data for Sentiment Analysis}},
volume = {29},
year = {2014}
}

@article{Papalexakis2014,
author = {Papalexakis, E.E. and Fyshe, A. and Sidiropoulos, N.D. and Talukdar, P.P. and Mitchell, T.M. and Faloutsos, C.},
journal = {Proceedings of the ACM SIGKDD International Conference on Knowledge Discovery and Data Mining},
keywords = {brain activity analysis,brain functional connectivity,control theory,neuroscience,system identification},
mendeley-groups = {Brain Research},
pages = {95--104},
title = {{Good-enough brain model: Challenges, algorithms and discoveries in multi-subject experiments}},
year = {2014}
}

@article{Chang2009,
author = {Chang, Kai-min Kevin and Cherkassky, Vladimir L and Mitchell, Tom M and Just, Marcel Adam},
journal = {In Proceedings of the 47th Annual Meeting of the ACL and the 4th IJCNLP of the AFNLP, Suntec, Singapore, 2-7 August 2009},
keywords = {Compositionality,Distributional semantics,Machine learning,fMRI},
number = {August},
pages = {638--646},
title = {{Quantitative modeling of the neural representation of adjective-noun phrases to account for fMRI activation}},
year = {2009}
}

@article{Wang2002,
author = {Wang, Xuerui and Mitchell, Tom},
pages = {1--11},
title = {{Detecting Cognitive States Using Machine Learning 2 The Star / Plus Experiment}},
year = {2002}
}

@article{Mitchell2002,
author = {Mitchell, Tom and Hutchinson, Rebecca and Just, Marcel and Newman, Sharlene and Wang, Xuerui and Niculescu, Radu Stefan and Pereira, Francisco},
journal = {Magnetic Resonance Imaging},
number = {1},
pages = {1--23},
title = {{Machine Learning of fMRI Virtual Sensors of Cognitive States}},
year = {2002}
}

@article{Shinkareva2008,
author = {Shinkareva, Svetlana V. and Mason, Robert A. and Malave, Vincente L. and Wang, Wei and Mitchell, Tom M. and Just, Marcel Adam},
journal = {PLoS ONE},
mendeley-groups = {Brain Research},
number = {1},
pages = {1--9},
pmid = {18167553},
title = {{Using fMRI brain activation to identify cognitive states associated with perception of tools and dwellings}},
volume = {3},
year = {2008}
}

@article{Murphy2011,
author = {Murphy, Brian and Poesio, Massimo and Bovolo, Francesca and Bruzzone, Lorenzo and Dalponte, Michele and Lakany, Heba},
isbn = {9789048198832},
issn = {0144-3577},
journal = {Science},
mendeley-groups = {Brain Research},
pages = {131--138},
title = {{EEG decoding of semantic category reveals distributed representations for single concepts}},
volume = {117},
year = {2011}
}

@article{hill2016simlex,
  title={Simlex-999: Evaluating semantic models with (genuine) similarity estimation},
  author={Hill, Felix and Reichart, Roi and Korhonen, Anna},
  journal={Computational Linguistics},
  year={2016},
  publisher={MIT Press}
}

@article{hollis2017extrapolating,
  title={Extrapolating human judgments from skip-gram vector representations of word meaning},
  author={Hollis, Geoff and Westbury, Chris and Lefsrud, Lianne},
  journal={The Quarterly Journal of Experimental Psychology},
  volume={70},
  number={8},
  pages={1603--1619},
  year={2017},
  publisher={Taylor \& Francis}
}

@article{brainard1997psychophysics,
  title={The Psychophysics Toolbox},
  author={Brainard, David H},
  journal={Spatial Vision},
  volume={10},
  number={4},
  pages={433--436},
  year={1997},
  publisher={Brill}
}

@book{luck2014introduction,
  title={An introduction to the event-related potential technique},
  author={Luck, Steven J},
  year={2014},
  publisher={MIT press}
}

@article{kutas1980reading,
  title={Reading senseless sentences: Brain potentials reflect semantic incongruity},
  author={Kutas, Marta and Hillyard, Steven A},
  journal={Science},
  volume={207},
  number={4427},
  pages={203--205},
  year={1980},
  publisher={American Association for the Advancement of Science}
}

@article{kuperberg2007neural,
  title={Neural mechanisms of language comprehension: Challenges to syntax},
  author={Kuperberg, Gina R},
  journal={Brain research},
  volume={1146},
  pages={23--49},
  year={2007},
  publisher={Elsevier}
}

@article{barber2013concreteness,
  title={Concreteness in word processing: ERP and behavioral effects in a lexical decision task},
  author={Barber, Horacio A and Otten, Leun J and Kousta, Stavroula-Thaleia and Vigliocco, Gabriella},
  journal={Brain and language},
  volume={125},
  number={1},
  pages={47--53},
  year={2013},
  publisher={Elsevier}
}

@article{cunningham2000speech,
  title={Speech-evoked neurophysiologic responses in children with learning problems: development and behavioral correlates of perception},
  author={Cunningham, Jenna and Nicol, Trent and Zecker, Steven and Kraus, Nina and others},
  journal={Ear and Hearing},
  volume={21},
  number={6},
  pages={554--568},
  year={2000},
  publisher={LWW}
}

@article{krigolson2014we,
  title={How we learn to make decisions: rapid propagation of reinforcement learning prediction errors in humans},
  author={Krigolson, Olav E and Hassall, Cameron D and Handy, Todd C},
  journal={Journal of cognitive neuroscience},
  volume={26},
  number={3},
  pages={635--644},
  year={2014},
  publisher={MIT Press}
}

@article{krigolson2017choosing,
  title={Choosing MUSE: Validation of a low-cost, portable EEG system for ERP research},
  author={Krigolson, Olave E and Williams, Chad C and Norton, Angela and Hassall, Cameron D and Colino, Francisco L},
  journal={Frontiers in neuroscience},
  volume={11},
  pages={109},
  year={2017},
  publisher={Frontiers}
}

@article{pernet2011single,
  title={Single-trial analyses: why bother?},
  author={Pernet, Cyril R and Sajda, Paul and Rousselet, Guillaume A},
  journal={Frontiers in psychology},
  volume={2},
  pages={322},
  year={2011},
  publisher={Frontiers}
}

@article{rugg1995word,
  title={Word and nonword repetition within-and across-modality: An event-related potential study},
  author={Rugg, Michael D and Doyle, Michael C and Wells, Tony},
  journal={Journal of Cognitive Neuroscience},
  volume={7},
  number={2},
  pages={209--227},
  year={1995},
  publisher={MIT Press}
}

@article{holroyd2002neural,
  title={The neural basis of human error processing: reinforcement learning, dopamine, and the error-related negativity.},
  author={Holroyd, Clay B and Coles, Michael GH},
  journal={Psychological review},
  volume={109},
  number={4},
  pages={679},
  year={2002},
  publisher={American Psychological Association}
}

@book{sutton1998reinforcement,
  title={Reinforcement learning: An introduction},
  author={Sutton, Richard S and Barto, Andrew G},
  volume={1},
  number={1},
  year={1998},
  publisher={MIT press Cambridge}
}

@article{proudfit2015reward,
  title={The reward positivity: From basic research on reward to a biomarker for depression},
  author={Proudfit, Greg Hajcak},
  journal={Psychophysiology},
  volume={52},
  number={4},
  pages={449--459},
  year={2015},
  publisher={Wiley Online Library}
}

@article{williams2017application,
  title={The application of reward learning in the real world: Changes in the reward positivity amplitude reflect learning in a medical education context},
  author={Williams, Chad C and Hecker, Kent G and Paget, Michael K and Coderre, Sylvain P and Burak, Kelly W and Wright, Bruce and Krigolson, Olave E},
  journal={International Journal of Psychophysiology},
  year={2017},
  publisher={Elsevier}
}

@inproceedings{xu2016brainbench,
  title={Brainbench: A brain-image test suite for distributional semantic models},
  author={Xu, Haoyan and Murphy, Brian and Fyshe, Alona},
  booktitle={Proceedings of the 2016 Conference on Empirical Methods in Natural Language Processing},
  pages={2017--2021},
  year={2016}
}

@article{moseley2013sensorimotor,
  title={Sensorimotor semantics on the spot: brain activity dissociates between conceptual categories within 150 ms},
  author={Moseley, Rachel L and Pulverm{\"u}ller, Friedemann and Shtyrov, Yury},
  journal={Scientific reports},
  volume={3},
  pages={1928},
  year={2013},
  publisher={Nature Publishing Group}
}

@article{walsh2012learning,
  title={Learning from experience: event-related potential correlates of reward processing, neural adaptation, and behavioral choice},
  author={Walsh, Matthew M and Anderson, John R},
  journal={Neuroscience \& Biobehavioral Reviews},
  volume={36},
  number={8},
  pages={1870--1884},
  year={2012},
  publisher={Elsevier}
}

@article{krigolson2009learning,
  title={Learning to become an expert: Reinforcement learning and the acquisition of perceptual expertise},
  author={Krigolson, Olav E and Pierce, Lara J and Holroyd, Clay B and Tanaka, James W},
  journal={Journal of Cognitive Neuroscience},
  volume={21},
  number={9},
  pages={1833--1840},
  year={2009},
  publisher={MIT Press}
}

@article{bellebaum2014feedback,
  title={From feedback-to response-based performance monitoring in active and observational learning},
  author={Bellebaum, Christian and Colosio, Marco},
  journal={Journal of cognitive neuroscience},
  volume={26},
  number={9},
  pages={2111--2127},
  year={2014},
  publisher={MIT Press}
}

@book{kreidler2002introducing,
  title={Introducing english semantics},
  author={Kreidler, Charles W},
  year={2002},
  publisher={Routledge}
}

@book{croft2004cognitive,
  title={Cognitive linguistics},
  author={Croft, William and Cruse, D Alan},
  year={2004},
  publisher={Cambridge University Press}
}

@article{benjamini2001control,
  title={The control of the false discovery rate in multiple testing under dependency},
  author={Benjamini, Yoav and Yekutieli, Daniel},
  journal={Annals of statistics},
  pages={1165--1188},
  year={2001},
  publisher={JSTOR}
}

@article{pereira2018toward,
  title={Toward a universal decoder of linguistic meaning from brain activation},
  author={Pereira, Francisco and Lou, Bin and Pritchett, Brianna and Ritter, Samuel and Gershman, Samuel J and Kanwisher, Nancy and Botvinick, Matthew and Fedorenko, Evelina},
  journal={Nature communications},
  volume={9},
  number={1},
  pages={963},
  year={2018},
  publisher={Nature Publishing Group}
}
